%
% Add your bibtex items here:

%% JLA
@article{1401.4064,
Author = {M. Betoule and R. Kessler and J. Guy and J. Mosher and D. Hardin and R. Biswas and P. Astier and P. El-Hage and M. Konig and S. Kuhlmann and J. Marriner and R. Pain and N. Regnault and C. Balland and B. A. Bassett and P. J. Brown and H. Campbell and R. G. Carlberg and F. Cellier-Holzem and D. Cinabro and A. Conley and C. B. D'Andrea and D. L. DePoy and M. Doi and R. S. Ellis and S. Fabbro and A. V. Filippenko and R. J. Foley and J. A. Frieman and D. Fouchez and L. Galbany and A. Goobar and R. R. Gupta and G. J. Hill and R. Hlozek and C. J. Hogan and I. M. Hook and D. A. Howell and S. W. Jha and L. Le Guillou and G. Leloudas and C. Lidman and J. L. Marshall and A. Möller and A. M. Mourão and J. Neveu and R. Nichol and M. D. Olmstead and N. Palanque-Delabrouille and S. Perlmutter and J. L. Prieto and C. J. Pritchet and M. Richmond and A. G. Riess and V. Ruhlmann-Kleider and M. Sako and K. Schahmaneche and D. P. Schneider and M. Smith and J. Sollerman and M. Sullivan and N. A. Walton and C. J. Wheeler},
Title = {Improved cosmological constraints from a joint analysis of the SDSS-II and SNLS supernova samples},
Year = {2014},
Eprint = {arXiv:1401.4064},
Doi = {10.1051/0004-6361/201423413},
}

% Pan-STARRS
@article{1710.00845,
Author = {D. M. Scolnic and D. O. Jones and A. Rest and Y. C. Pan and R. Chornock and R. J. Foley and M. E. Huber and R. Kessler and G. Narayan and A. G. Riess and S. Rodney and E. Berger and P. J. Challis and M. Drout and D. Finkbeiner and R. Lunnan and R. P. Kirshner and N. E. Sanders and E. Schlafly and S. Smartt and C. W. Stubbs and J. Tonry and W. M. Wood-Vasey and M. Foley and J. Hand and E. Johnson and W. S. Burgett and K. C. Chambers and P. W. Draper and K. W. Hodapp and N. Kaiser and R. P. Kudritzki and E. A. Magnier and N. Metcalfe and F. Bresolin and E. Gall and R. Kotak and M. McCrum and K. W. Smith},
Title = {The Complete Light-curve Sample of Spectroscopically Confirmed Type Ia Supernovae from Pan-STARRS1 and Cosmological Constraints from The Combined Pantheon Sample},
Year = {2017},
Eprint = {arXiv:1710.00845},
}

@techreport{LSE-40,
     title = {{Photon Rates and SNR Calculations}},
     author = {Ivezic and Jones and Lupton},
     number = {LSE-40},
     group = {LSST},
     year = {2010},
     institution = {LSST},
     keywords = {snr, limiting magnitude, throughput},
     month = {05},
     Date-Added = {2010-05-04},
     Date-Modified = {2017-01-09},
     url={https://docushare.lsstcorp.org/docushare/dsweb/Services/LSE-40}
}

@techreport{SMTN-002,
     title = {{Calculating LSST limiting magnitudes and ANR}},
     author = {Lynne Jones},
     number = {SMTN-002},
     group = {LSST},
     year = {2016},
     institution = {LSST},
     keywords = {snr, limiting magnitude, throughput},
     month = {02},
     Date-Added = {2016-02-25},
     Date-Modified = {},
     url={https://smtn-002.lsst.io}
}

@techreport{SN-CADENCE,
     title = {{On the cadence of the LSST SN survey(s)}},
     author = {Philippe Gris and Nicolas Regnault},
     group = {LSST},
     year = {in prep.},
     institution = {LSST},
     keywords = {cadence},
     month = {06},
     Date-Added = {},
     Date-Modified = {},
}

%PLANCK 2015
@article{1502.01589,
Author = { {Planck Collaboration} },
Title = {Planck 2015 results. XIII. Cosmological parameters},
Year = {2015},
Eprint = {arXiv:1502.01589},
Howpublished = {A&A 594, A13 (2016)},
Doi = {10.1051/0004-6361/201525830},
}

@article{desuet,
Author = { Planck Collaboration and P. A. R. Ade and N. Aghanim and M. Arnaud and M. Ashdown and J. Aumont and C. Baccigalupi and A. J. Banday and R. B. Barreiro and J. G. Bartlett and N. Bartolo and E. Battaner and R. Battye and K. Benabed and A. Benoit and A. Benoit-Levy and J. -P. Bernard and M. Bersanelli and P. Bielewicz and J. J. Bock and A. Bonaldi and L. Bonavera and J. R. Bond and J. Borrill and F. R. Bouchet and F. Boulanger and M. Bucher and C. Burigana and R. C. Butler and E. Calabrese and J. -F. Cardoso and A. Catalano and A. Challinor and A. Chamballu and R. -R. Chary and H. C. Chiang and J. Chluba and P. R. Christensen and S. Church and D. L. Clements and S. Colombi and L. P. L. Colombo and C. Combet and A. Coulais and B. P. Crill and A. Curto and F. Cuttaia and L. Danese and R. D. Davies and R. J. Davis and P. de Bernardis and A. de Rosa and G. de Zotti and J. Delabrouille and F. -X. Desert and E. Di Valentino and C. Dickinson and J. M. Diego and K. Dolag and H. Dole and S. Donzelli and O. Dore and M. Douspis and A. Ducout and J. Dunkley and X. Dupac and G. Efstathiou and F. Elsner and T. A. Ensslin and H. K. Eriksen and M. Farhang and J. Fergusson and F. Finelli and O. Forni and M. Frailis and A. A. Fraisse and E. Franceschi and A. Frejsel and S. Galeotta and S. Galli and K. Ganga and C. Gauthier and M. Gerbino and T. Ghosh and M. Giard and Y. Giraud-Heraud and E. Giusarma and E. Gjerlow and J. Gonzalez-Nuevo and K. M. Gorski and S. Gratton and A. Gregorio and A. Gruppuso and J. E. Gudmundsson and J. Hamann and F. K. Hansen and D. Hanson and D. L. Harrison and G. Helou and S. Henrot-Versille and C. Hernandez-Monteagudo and D. Herranz and S. R. Hildebrandt and E. Hivon and M. Hobson and W. A. Holmes and A. Hornstrup and W. Hovest and Z. Huang and K. M. Huffenberger and G. Hurier and A. H. Jaffe and T. R. Jaffe and W. C. Jones and M. Juvela and E. Keihanen and R. Keskitalo and T. S. Kisner and R. Kneissl and J. Knoche and L. Knox and M. Kunz and H. Kurki-Suonio and G. Lagache and A. Lahteenmaki and J. -M. Lamarre and A. Lasenby and M. Lattanzi and C. R. Lawrence and J. P. Leahy and R. Leonardi and J. Lesgourgues and F. Levrier and A. Lewis and M. Liguori and P. B. Lilje and M. Linden-Vornle and M. Lopez-Caniego and P. M. Lubin and J. F. Macias-Perez and G. Maggio and D. Maino and N. Mandolesi and A. Mangilli and A. Marchini and P. G. Martin and M. Martinelli and E. Martinez-Gonzalez and S. Masi and S. Matarrese and P. Mazzotta and P. McGehee and P. R. Meinhold and A. Melchiorri and J. -B. Melin and L. Mendes and A. Mennella and M. Migliaccio and M. Millea and S. Mitra and M. -A. Miville-Deschenes and A. Moneti and L. Montier and G. Morgante and D. Mortlock and A. Moss and D. Munshi and J. A. Murphy and P. Naselsky and F. Nati and P. Natoli and C. B. Netterfield and H. U. Norgaard-Nielsen and F. Noviello and D. Novikov and I. Novikov and C. A. Oxborrow and F. Paci and L. Pagano and F. Pajot and R. Paladini and D. Paoletti and B. Partridge and F. Pasian and G. Patanchon and T. J. Pearson and O. Perdereau and L. Perotto and F. Perrotta and V. Pettorino and F. Piacentini and M. Piat and E. Pierpaoli and D. Pietrobon and S. Plaszczynski and E. Pointecouteau and G. Polenta and L. Popa and G. W. Pratt and G. Prezeau and S. Prunet and J. -L. Puget and J. P. Rachen and W. T. Reach and R. Rebolo and M. Reinecke and M. Remazeilles and C. Renault and A. Renzi and I. Ristorcelli and G. Rocha and C. Rosset and M. Rossetti and G. Roudier and B. Rouille d'Orfeuil and M. Rowan-Robinson and J. A. Rubino-Martin and B. Rusholme and N. Said and V. Salvatelli and L. Salvati and M. Sandri and D. Santos and M. Savelainen and G. Savini and D. Scott and M. D. Seiffert and P. Serra and E. P. S. Shellard and L. D. Spencer and M. Spinelli and V. Stolyarov and R. Stompor and R. Sudiwala and R. Sunyaev and D. Sutton and A. -S. Suur-Uski and J. -F. Sygnet and J. A. Tauber and L. Terenzi and L. Toffolatti and M. Tomasi and M. Tristram and T. Trombetti and M. Tucci and J. Tuovinen and M. Turler and G. Umana and L. Valenziano and J. Valiviita and B. Van Tent and P. Vielva and F. Villa and L. A. Wade and B. D. Wandelt and I. K. Wehus and M. White and S. D. M. White and A. Wilkinson and D. Yvon and A. Zacchei and A. Zonca},
Title = {Planck 2015 results. XIII. Cosmological parameters},
Year = {2015},
Eprint = {arXiv:1502.01589},
Howpublished = {A&A 594, A13 (2016)},
Doi = {10.1051/0004-6361/201525830},
}

%

@ARTICLE{SALT2,
   author = {{Guy}, J. and {Astier}, P. and {Baumont}, S. and {Hardin}, D. and 
	{Pain}, R. and {Regnault}, N. and {Basa}, S. and {Carlberg}, R.~G. and 
	{Conley}, A. and {Fabbro}, S. and {Fouchez}, D. and {Hook}, I.~M. and 
	{Howell}, D.~A. and {Perrett}, K. and {Pritchet}, C.~J. and 
	{Rich}, J. and {Sullivan}, M. and {Antilogus}, P. and {Aubourg}, E. and 
	{Bazin}, G. and {Bronder}, J. and {Filiol}, M. and {Palanque-Delabrouille}, N. and 
	{Ripoche}, P. and {Ruhlmann-Kleider}, V.},
    title = "{SALT2: using distant supernovae to improve the use of type Ia supernovae as distance indicators}",
  journal = {\aap},
   eprint = {astro-ph/0701828},
 keywords = {supernovae: general, cosmology: observations},
     year = 2007,
    month = apr,
   volume = 466,
    pages = {11-21},
      doi = {10.1051/0004-6361:20066930},
   adsurl = {http://adsabs.harvard.edu/abs/2007A\%26A...466...11G},
  adsnote = {Provided by the SAO/NASA Astrophysics Data System}
}
