%
% Add your bibtex items here:

%
@misc{ Nobody06,
       author = "Nobody Jr",
       title = "My Article",
       year = "2006" }
       
       
@book{Liou,
title="Radiation and Cloud Processes in the Atmosphere -- Theory, Observation and Modeling",
author="K.N. Liou",
 publisher="Oxford University Press",
 year="1992" }
 
@article{LibRadTran1, 
title="Technical note : The LibRadtran software package for radiative transfer calculations- description and examples of use",
author="Bernhard Mayer, Arve Kylling",
journal="Atmos. Chem. Phys. (2005),5, 1855-1877",
year="2005"}
  
@techreport{LibRadTran2,
title="LibRadtran user's guide",
author="Bernhard Mayer, Arve Kylling, Claudia Emde, Robert Buras, Ulrich Hamann, Josef Gasteiger, Bettina Richter",
institution="Edition for libRadtran version 2.0, Agust 24, 2015",
year="2015"}


  
@misc{GMAO,
title="The GEOS-5 data",
author=" Matthew Rodell and Hiroko Kato Beaudoing, NASA/GSFC/HSL (08.16.2007), GLDAS CLM Land Surface Model L4 3 Hourly 1.0 x 1.0 degree Subsetted,version 001, Greenbelt, Maryland, USA:Goddard Earth Sciences Data and Information Services Center (GES DISC), Accessed Enter User Data Access Date at doi:10.5067/83NO2QDLG6M0"
 }